@misc{TeXFAQ,
  author =        {{UK \TeX{} Users Group}},
  howpublished =  {\url{http://www.tex.ac.uk}},
  title =         {{UK} List of {\TeX} Frequently Asked Questions},
  year =          {2016},
}

@Manual{Downes04:amsart,
  title = 	 {The \textsf{amsart}, \textsf{amsproc}, and 
                  \textsf{amsbook} document~classes},
  author =	 {Michael Downes and Barbara Beeton},
  organization = {American Mathematical Society},
  year =	 2004,
  month =        {August},
  note =	 {\url{http://www.ctan.org/pkg/amslatex}}
}

