@book{mattmann2011tika,
  title={Tika in action},
  author={Mattmann, Chris and Zitting, Jukka},
  year={2011},
  publisher={Manning Publications Co.}
}

@misc{javacpp-240,
  author = {Thamme Gowda},
  title = {{Java CPP: Deserializing tensorflow models for JNI use}},
  howpublished = "\url{https://github.com/bytedeco/javacpp-presets/issues/240}",
  year = {2016}, 
  note = "[Online; accessed 08-October-2016]"
}